<?xml version="1.0" encoding="UTF-8"?><collection xmlns="http://www.loc.gov/MARC21/slim"><record><leader>00546nam--2200193-i-4500</leader><controlfield tag="001">000014880</controlfield><controlfield tag="002">20161230</controlfield><controlfield tag="005">20161230201031</controlfield><controlfield tag="008">060222s1000------------r-----000-0-rus-d</controlfield><datafield ind1=" " ind2=" " tag="040"><subfield code="a">IFIN-HH</subfield></datafield><datafield ind1=" " ind2=" " tag="041"><subfield code="a">rus</subfield></datafield><datafield ind1=" " ind2=" " tag="080"><subfield code="a">538.913</subfield></datafield><datafield ind1="1" ind2=" " tag="100"><subfield code="a">Gorr, G.V</subfield></datafield><datafield ind1="1" ind2="0" tag="245"><subfield code="a">Klassiceskie zadaci dinamiki tverdogo tela</subfield><subfield code="b">Razvitie i sovremennoe sostoianie</subfield><subfield code="c">G.v. gorr; l.v. kudriasova; l.a. stepanova</subfield></datafield><datafield ind1=" " ind2=" " tag="260"><subfield code="a">Kiev</subfield><subfield code="b">Naukova Dumka</subfield><subfield code="c">1978</subfield></datafield><datafield ind1=" " ind2=" " tag="300"><subfield code="a">368 P</subfield></datafield><datafield ind1="1" ind2=" " tag="700"><subfield code="a">Stepanova , L.A</subfield></datafield><datafield ind1=" " ind2=" " tag="852"><subfield code="a">47193</subfield><subfield code="c">537:538</subfield></datafield><datafield ind1=" " ind2=" " tag="CAT"><subfield code="a">Sys</subfield><subfield code="c">20110623</subfield><subfield code="h">115953</subfield></datafield></record></collection>